@Article{Wilks1938The,
  author  = {Wilks, S. S.},
  title   = {The Large-Sample Distribution of the Likelihood Ratio for Testing Composite Hypotheses},
  journal = {Annals of Mathematical Statistics},
  year    = {1938},
  volume  = {9},
  number  = {1},
  pages   = {60-62},
  file    = {Wilks1938The.pdf:Wilks1938The.pdf:PDF},
  groups  = {likelihood},
}

@Article{Cam1990Maximum,
  author        = {Le Cam, L.},
  title         = {Maximum likelihood: An introduction},
  journal       = {International Statistical Review},
  year          = {1990},
  volume        = {58},
  number        = {2},
  pages         = {153--171},
  __markedentry = {[kfeng123:5]},
  file          = {Cam1990Maximum.pdf:Cam1990Maximum.pdf:PDF},
  groups        = {likelihood},
}

@Article{Aitkin1991Posterior,
  AUTHOR = {Aitkin, M.},
  TITLE = {Posterior bayes factors. journal of the royal statistical society series b-methodological},
  YEAR = {1991},
  VOLUME = {53},
  NUMBER = {1},
  PAGES = {111--142},
  BPT_OK = {imsref},
  SRC = {auto:parserefs-M02}
}

@Article{gelfand1993bayesian,
  AUTHOR = {Gelfand D. K. D, Alan E},
  TITLE = {Bayesian model choice: Asymptotics and exact calculations},
  YEAR = {1993},
  BPT_OK = {imsref},
  SRC = {auto:parserefs-M02}
}

@book{MR0315820,
  AUTHOR = {Bahadur, R.R.},
  TITLE = {Some Limit Theorems in Statistics},
  PUBLISHER = {Society for Industrial and Applied Mathematics},
  ADDRESS = {Philadelphia, Pa},
  YEAR = {1971},
  SERIES = {Conference Board of the Mathematical Sciences Regional Conference Series in Applied Mathematics},
  VOLUME = {4},
  BPT_OK = {imsref},
  SRC = {auto:parserefs-M02}
}

@article{Cam1990Maximum,
  AUTHOR = {Le Cam, L.},
  TITLE = {Maximum likelihood: An introduction},
  JOURNAL = {International Statistical Review},
  YEAR = {1990},
  VOLUME = {58},
  NUMBER = {2},
  PAGES = {153--171},
  BPT_OK = {imsref},
  SRC = {auto:parserefs-M02}
}

@book{Lehmann,
  AUTHOR = {Lehmann J. P. R, E.L.},
  TITLE = {Testing Statistical Hypotheses},
  PUBLISHER = {Springer},
  ADDRESS = {New York},
  YEAR = {2005},
  BPT_OK = {imsref},
  SRC = {auto:parserefs-M02}
}

@article{Kleijn2012The,
  AUTHOR = {Kleijn, B.J.K. and Vaart, A.W.V.D.},
  TITLE = {The bernstein-von-mises theorem under misspecification},
  JOURNAL = {Electron. J. Stat.},
  YEAR = {2012},
  VOLUME = {6},
  NUMBER = {1},
  PAGES = {354--381},
  BPT_OK = {imsref},
  SRC = {auto:parserefs-M02}
}

@Book{van2000asymptotic,
  title      = {Asymptotic Statistics},
  publisher  = {Cambridge University Press},
  year       = {1998},
  author     = {Vaart, A. W. van der},
  editor     = {1},
  series     = {Cambridge Series in Statistical and Probabilistic Mathematics},
  collection = {Cambridge Series in Statistical and Probabilistic Mathematics},
  doi        = {10.1017/CBO9780511802256},
  file       = {:van2000asymptotic.pdf:PDF},
  groups     = {book},
  place      = {Cambridge},
}

@Book{bayesianDataAnalysis,
  Title                    = {Bayesian Data Analysis},
  Author                   = {Andrew Gelman and John B. Carlin and Hal S. Stern and David B. Dunson and Aki Vehtari and Donald B. Rubin},
  Publisher                = {Chapman and Hall/CRC},
  Year                     = {2013},

  Owner                    = {kfeng123},
  Timestamp                = {2016.10.27}
}


@Article{Aitkin1996,
  author   = {Aitkin, Murray and Finch, Steve and Mendell, Nancy and Thode, Henry},
  title    = {A new test for the presence of a normal mixture distribution based on the posterior Bayes factor},
  journal  = {Statistics and Computing},
  year     = {1996},
  volume   = {6},
  number   = {2},
  pages    = {121--125},
  month    = {Jun},
  issn     = {1573-1375},
  abstract = {We present a new test for the presence of a normal mixture distribution, based on the posterior Bayes factor of Aitkin (1991). The new test has slightly lower power than the likelihood ratio test. It does not require the computation of the MLEs of the parameters or a search for multiple maxima, but requires computations based on `classification likelihood' assignments of observations to mixture components.},
  day      = {01},
  doi      = {10.1007/BF00162522},
  file     = {:Aitkin1996.pdf:PDF},
  groups   = {bayes},
  url      = {https://doi.org/10.1007/BF00162522},
}

@Article{Fractional1995,
  author    = {O'Hagan, Anthony},
  title     = {Fractional Bayes Factors for Model Comparison},
  year      = {1995},
  volume    = {57},
  pages     = {99-138},
  month     = {01},
  booktitle = {Journal of the Royal Statistical Society. Series B (Methodological)},
  groups    = {empirical process},
  owner     = {kfeng123},
  timestamp = {2018.01.11},
}

@Article{Chen2009Hypothesis,
  author  = {Chen, Jiahua and Li, Pengfei},
  title   = {Hypothesis Test for Normal Mixture Models: The EM Approach},
  journal = {Annals of Statistics},
  year    = {2009},
  volume  = {37},
  number  = {5A},
  pages   = {2523-2542},
  file    = {:Chen2009Hypothesis.pdf:PDF},
  groups  = {mixture},
}

@Article{ghosal2000,
  author        = {Ghosal, Subhashis and Ghosh, Jayanta K. and van der Vaart, Aad W.},
  title         = {Convergence rates of posterior distributions},
  journal       = {Ann. Statist.},
  year          = {2000},
  volume        = {28},
  number        = {2},
  pages         = {500--531},
  month         = {04},
  __markedentry = {[kfeng123:1]},
  doi           = {10.1214/aos/1016218228},
  file          = {:ghosal2000.pdf:PDF},
  fjournal      = {The Annals of Statistics},
  groups        = {bayes},
  publisher     = {The Institute of Mathematical Statistics},
  url           = {https://doi.org/10.1214/aos/1016218228},
}

@Article{kar10563,
  author        = {Stephen G. Walker and Nils Lid Hjort},
  title         = {On Bayesian consistency},
  journal       = {Journal of the Royal Statistical Society: Series B (Statistical Methodology)},
  year          = {2001},
  volume        = {63},
  number        = {4},
  pages         = {811--821},
  month         = {April},
  __markedentry = {[kfeng123:1]},
  file          = {:kar10563.pdf:PDF},
  groups        = {bayes},
  keywords      = {Asymptotics ? Bayesian sieve ? Bayes nonparametrics ? Consistency},
  publisher     = {The Royal Statistical Society and Blackwell Publishing Ltd},
  url           = {http://kar.kent.ac.uk/10563/},
}

@Article{Laurent2000Adaptive,
  author  = {Laurent, B. and Massart, P.},
  title   = {Adaptive Estimation of a Quadratic Functional by Model Selection},
  journal = {Annals of Statistics},
  year    = {2000},
  volume  = {28},
  number  = {5},
  pages   = {1302-1338},
  file    = {Laurent2000Adaptive.pdf:Laurent2000Adaptive.pdf:PDF},
  groups  = {regularized regression},
}

@Article{Ghosal2000Asymptotic,
  author        = {Ghosal, Subhashis},
  title         = {Asymptotic Normality of Posterior Distributions for Exponential Families when the Number of Parameters Tends to Infinity},
  journal       = {Journal of Multivariate Analysis},
  year          = {2000},
  volume        = {74},
  number        = {1},
  pages         = {49-68},
  __markedentry = {[kfeng123:1]},
  file          = {Ghosal2000Asymptotic.pdf:Ghosal2000Asymptotic.pdf:PDF},
  groups        = {bayes},
}

@Article{2016arXiv160801805B,
  author        = {{Bobkov}, S.~G. and {Chistyakov}, G.~P. and {G{\"o}tze}, F.},
  title         = {{R\'{e}nyi divergence and the central limit theorem}},
  journal       = {ArXiv e-prints},
  year          = {2016},
  month         = aug,
  adsnote       = {Provided by the SAO/NASA Astrophysics Data System},
  adsurl        = {http://adsabs.harvard.edu/abs/2016arXiv160801805B},
  archiveprefix = {arXiv},
  eprint        = {1608.01805},
  file          = {:2016arXiv160801805B.pdf:PDF},
  groups        = {Information theory},
  keywords      = {Mathematics - Probability},
  primaryclass  = {math.PR},
}

@InCollection{NIPS2016_6208,
  author    = {Li, Yingzhen and Turner, Richard E},
  title     = {R\'{e}nyi Divergence Variational Inference},
  booktitle = {Advances in Neural Information Processing Systems 29},
  publisher = {Curran Associates, Inc.},
  year      = {2016},
  editor    = {D. D. Lee and M. Sugiyama and U. V. Luxburg and I. Guyon and R. Garnett},
  pages     = {1073--1081},
  file      = {:NIPS2016_6208.pdf:PDF},
  groups    = {Information theory, bayes},
  url       = {http://papers.nips.cc/paper/6208-renyi-divergence-variational-inference.pdf},
}

@Article{Robert1995Bayes,
  author        = {Robert E. Kass and Adrian E. Raftery},
  title         = {Bayes Factors},
  journal       = {Journal of the American Statistical Association},
  year          = {1995},
  volume        = {90},
  number        = {430},
  pages         = {773-795},
  __markedentry = {[kfeng123:1]},
  file          = {Robert1995Bayes.pdf:Robert1995Bayes.pdf:PDF},
  groups        = {bayes},
}

@Article{Lindley1982,
  author    = {Glenn Shafer},
  title     = {Lindley's Paradox},
  journal   = {Journal of the American Statistical Association},
  year      = {1982},
  volume    = {77},
  number    = {378},
  pages     = {325-334},
  doi       = {10.1080/01621459.1982.10477809},
  eprint    = {http://amstat.tandfonline.com/doi/pdf/10.1080/01621459.1982.10477809},
  groups    = {bayes},
  publisher = {Taylor \& Francis},
}

@Article{Shen2001Rates,
  author        = {Shen, Xiaotong and Wasserman, Larry},
  title         = {Rates of Convergence of Posterior Distributions},
  journal       = {Annals of Statistics},
  year          = {2001},
  volume        = {29},
  number        = {3},
  pages         = {687-714},
  groups        = {bayes},
}

@Article{vaart2007convergence,
  author  = {Aad van der {Vaart} and Subhashis {Ghosal}},
  title   = {Convergence rates of posterior distributions for noniid observations},
  journal = {Annals of Statistics},
  year    = {2007},
  volume  = {35},
  number  = {1},
  pages   = {192--223},
  file    = {:vaart2007convergence.pdf:PDF},
  groups  = {bayes},
}

@Article{blei2017,
  author    = {David M. Blei and Alp Kucukelbir and Jon D. McAuliffe},
  title     = {Variational Inference: A Review for Statisticians},
  journal   = {arxiv},
  year      = {2017},
  file      = {:blei2017.pdf:PDF},
  groups    = {bayes},
  owner     = {kfeng123},
  timestamp = {2018.01.02},
}

@Book{scientificInference,
  title     = {Scientific Inference},
  publisher = {Cambridge University Press},
  year      = {1931},
  author    = {Harold Jeffreys},
  address   = {Cambridge},
  edition   = {1},
  file      = {:scientificInference.djvu:Djvu},
  groups    = {bayes, book},
  owner     = {kfeng123},
  timestamp = {2018.01.23},
}

@Article{raftery2006estimating,
  author = {Adrian E. {Raftery} and Michael A. {Newton} and Jaya M. {Satagopan} and Pavel N. {Krivitsky}},
  title  = {Estimating the Integrated Likelihood via Posterior Simulation Using the Harmonic Mean Identity},
  year   = {2006},
  file   = {:raftery2006estimating.pdf:PDF},
  groups = {bayes},
}

@Article{MarkovC,
  author    = {Cong Han and Bradley P Carlin},
  title     = {Markov Chain Monte Carlo Methods for Computing Bayes Factors},
  journal   = {Journal of the American Statistical Association},
  year      = {2001},
  volume    = {96},
  number    = {455},
  pages     = {1122-1132},
  doi       = {10.1198/016214501753208780},
  eprint    = {https://doi.org/10.1198/016214501753208780},
  groups    = {bayes},
  publisher = {Taylor \& Francis},
  url       = { 
        https://doi.org/10.1198/016214501753208780
    
},
}

@Article{intrisicBayesFactor,
  author    = {James O. Berger and Luis R. Pericchi},
  title     = {The Intrinsic Bayes Factor for Model Selection and Prediction},
  journal   = {Journal of the American Statistical Association},
  year      = {1996},
  volume    = {91},
  number    = {433},
  pages     = {109-122},
  doi       = {10.1080/01621459.1996.10476668},
  eprint    = {http://www.tandfonline.com/doi/pdf/10.1080/01621459.1996.10476668},
  file      = {:intrisicBayesFactor.pdf:PDF},
  groups    = {bayes},
  publisher = {Taylor \& Francis},
  url       = { 
        http://www.tandfonline.com/doi/abs/10.1080/01621459.1996.10476668
    
},
}

@Article{LIU200461,
  author   = {Xin Liu and Yongzhao Shao},
  title    = {Asymptotics for the likelihood ratio test in a two-component normal mixture model},
  journal  = {Journal of Statistical Planning and Inference},
  year     = {2004},
  volume   = {123},
  number   = {1},
  pages    = {61 - 81},
  issn     = {0378-3758},
  doi      = {https://doi.org/10.1016/S0378-3758(03)00138-1},
  file     = {:LIU200461.pdf:PDF},
  groups   = {mixture},
  keywords = {Asymptotic distribution, Gaussian mixture model, Homogeneity test, Likelihood ratio test},
  url      = {http://www.sciencedirect.com/science/article/pii/S0378375803001381},
}

@Article{clarke1990information,
  author  = {Bertrand S. {Clarke} and Andrew R. {Barron}},
  title   = {Information-theoretic asymptotics of Bayes methods},
  journal = {IEEE Transactions on Information Theory},
  year    = {1990},
  volume  = {36},
  number  = {3},
  pages   = {453--471},
  file    = {:clarke1990information.pdf:PDF},
  groups  = {likelihood, Information theory, bayes},
}

@Article{HALL2005158,
  author   = {Peter Hall and Michael Stewart},
  title    = {Theoretical analysis of power in a two-component normal mixture model},
  journal  = {Journal of Statistical Planning and Inference},
  year     = {2005},
  volume   = {134},
  number   = {1},
  pages    = {158 - 179},
  issn     = {0378-3758},
  doi      = {https://doi.org/10.1016/j.jspi.2004.04.003},
  file     = {:HALL2005158.pdf:PDF},
  groups   = {mixture},
  keywords = {Asymptotic distribution, Critical phenomenon, Extreme-value theory, Gaussian mixture, Likelihood-ratio test, Local alternative, Null hypothesis, Pitman alternative},
  url      = {http://www.sciencedirect.com/science/article/pii/S0378375804001879},
}

@Article{chenjiahua2017,
  author        = {Jiahua Chen},
  title         = {On finite mixture models},
  journal       = {Statistical Theory and Related Fields},
  year          = {2017},
  volume        = {1},
  number        = {1},
  pages         = {15-27},
  __markedentry = {[kfeng123:1]},
  doi           = {10.1080/24754269.2017.1321883},
  eprint        = {https://doi.org/10.1080/24754269.2017.1321883},
  file          = {:chenjiahua2017.pdf:PDF},
  groups        = {mixture},
  publisher     = {Taylor \& Francis},
  url           = { 
        https://doi.org/10.1080/24754269.2017.1321883
    
},
}

@Article{Wilks1938The,
  author  = {Wilks, S. S.},
  title   = {The Large-Sample Distribution of the Likelihood Ratio for Testing Composite Hypotheses},
  journal = {Annals of Mathematical Statistics},
  year    = {1938},
  volume  = {9},
  number  = {1},
  pages   = {60-62},
  file    = {Wilks1938The.pdf:Wilks1938The.pdf:PDF},
  groups  = {likelihood},
}

@Article{Bha2016,
  author        = {{Bhattacharya}, A. and {Pati}, D. and {Yang}, Y.},
  title         = {{Bayesian fractional posteriors}},
  journal       = {ArXiv e-prints},
  year          = {2016},
  month         = nov,
  adsnote       = {Provided by the SAO/NASA Astrophysics Data System},
  adsurl        = {http://adsabs.harvard.edu/abs/2016arXiv161101125B},
  archiveprefix = {arXiv},
  eprint        = {1611.01125},
  file          = {:Bha2016.pdf:PDF},
  groups        = {bayes},
  keywords      = {Mathematics - Statistics Theory},
  primaryclass  = {math.ST},
}

@Article{yunyang2017,
  author        = {{Yang}, Y. and {Pati}, D. and {Bhattacharya}, A.},
  title         = {{$\alpha$-Variational Inference with Statistical Guarantees}},
  journal       = {ArXiv e-prints},
  year          = {2017},
  month         = oct,
  adsnote       = {Provided by the SAO/NASA Astrophysics Data System},
  adsurl        = {http://adsabs.harvard.edu/abs/2017arXiv171003266Y},
  archiveprefix = {arXiv},
  eprint        = {1710.03266},
  file          = {:yunyang2017.pdf:PDF},
  groups        = {bayes},
  keywords      = {Mathematics - Statistics Theory, Statistics - Computation, Statistics - Methodology, Statistics - Machine Learning},
  primaryclass  = {math.ST},
}

@Article{yixin2017,
  author        = {{Wang}, Y. and {Blei}, D.~M.},
  title         = {{Frequentist Consistency of Variational Bayes}},
  journal       = {ArXiv e-prints},
  year          = {2017},
  month         = may,
  adsnote       = {Provided by the SAO/NASA Astrophysics Data System},
  adsurl        = {http://adsabs.harvard.edu/abs/2017arXiv170503439W},
  archiveprefix = {arXiv},
  eprint        = {1705.03439},
  file          = {:yixin2017.pdf:PDF},
  groups        = {bayes},
  keywords      = {Statistics - Machine Learning, Computer Science - Learning, Mathematics - Statistics Theory},
  primaryclass  = {stat.ML},
}

@Article{pati2017,
  author        = {{Pati}, D. and {Bhattacharya}, A. and {Yang}, Y.},
  title         = {{On Statistical Optimality of Variational Bayes}},
  journal       = {ArXiv e-prints},
  year          = {2017},
  month         = dec,
  adsnote       = {Provided by the SAO/NASA Astrophysics Data System},
  adsurl        = {http://adsabs.harvard.edu/abs/2017arXiv171208983P},
  archiveprefix = {arXiv},
  eprint        = {1712.08983},
  file          = {:pati2017.pdf:PDF},
  groups        = {bayes},
  keywords      = {Mathematics - Statistics Theory, Statistics - Machine Learning},
  primaryclass  = {math.ST},
}
